@software{github-repo-piloot,
  author = {Langeraert, Ward and Van Calster, Hans},
  year = 2024,
  license = {CC-BY-4.0},
  title = {{MAS-pilootproject}},
  url = {https://github.com/inbo/mas-piloot}
}

@software{github-repo-mas,
  author = {Langeraert, Ward and Cartuyvels, Emma and Van Calster, Hans},
  year = 2024,
  license = {CC-BY-4.0},
  title = {{MBAG - MAS (akkervogels)}},
  url = {https://github.com/inbo/mbag-mas}
}

@Manual{QGISSoftware,
  title = {{QGIS Geographic Information System}},
  author = {{QGIS Development Team}},
  organization = {QGIS Association},
  year = {2024},
  url = {https://www.qgis.org}
}

@misc{MBAG,
  title = {{Meetnet Biodiversiteit in het Agrarisch Gebied (MBAG)}},
  howpublished = {\url{https://www.vlaanderen.be/inbo/meetnet-biodiversiteit-in-het-agrarisch-gebied-mbag/wat-is-mbag/}},
  note = {Bezocht op 14 augustus 2024}
}

@misc{MAS,
  title = {{Meetnet Agrarische Soorten (MAS)}},
  howpublished = {\url{https://www.sovon.nl/tellen/telprojecten/meetnet-agrarische-soorten-mas}},
  note = {Bezocht op 14 augustus 2024}
}
